<record><leader>00000cas a2200000 a 4500</leader><controlfield tag="001">19255372</controlfield><controlfield tag="008">890223d192u1975tnuwr ne      0    0eng d</controlfield><datafield ind1=" " ind2=" " tag="010"><subfield code="a">sn 89058351 </subfield></datafield><datafield ind1=" " ind2=" " tag="040"><subfield code="a">KNP</subfield><subfield code="b">eng</subfield><subfield code="c">KNP</subfield><subfield code="d">TGN</subfield><subfield code="d">OCL</subfield><subfield code="d">OCLCQ</subfield><subfield code="d">OCLCF</subfield><subfield code="d">OCLCO</subfield></datafield><datafield ind1=" " ind2=" " tag="042"><subfield code="a">msc</subfield></datafield><datafield ind1=" " ind2=" " tag="043"><subfield code="a">n-us-tn</subfield></datafield><datafield ind1="0" ind2=" " tag="130"><subfield code="a">Mt. Pleasant record (Mount Pleasant, Tenn. : 1925)</subfield></datafield><datafield ind1="1" ind2="4" tag="245"><subfield code="a">The Mt. Pleasant record.</subfield></datafield><datafield ind1="3" ind2=" " tag="246"><subfield code="a">Mount Pleasant record</subfield></datafield><datafield ind1=" " ind2=" " tag="260"><subfield code="a">Mt. Pleasant, Tenn. :</subfield><subfield code="b">James J. Cessna,</subfield><subfield code="c">-1975.</subfield></datafield><datafield ind1=" " ind2=" " tag="300"><subfield code="a">v. :</subfield><subfield code="b">ill.</subfield></datafield><datafield ind1=" " ind2=" " tag="310"><subfield code="a">Weekly</subfield></datafield><datafield ind1="0" ind2=" " tag="362"><subfield code="a">-no. 52 (Dec. 25, 1975).</subfield></datafield><datafield ind1=" " ind2=" " tag="500"><subfield code="a">Publishers: James J. Cessna, &lt;1925&gt;; W.L. Caton, &lt;1927&gt;-1952; James H. Caton, 1952-&lt;1965&gt;; William J. Rail, &lt;1966&gt;-1975.</subfield></datafield><datafield ind1=" " ind2=" " tag="500"><subfield code="a">Jan. 23, 1925 issue is misdated Jan. 25, 1925.</subfield></datafield><datafield ind1=" " ind2=" " tag="515"><subfield code="a">Volume numbering ceases with vol. 70, no. 7 (Feb. 18, 1966).</subfield></datafield><datafield ind1=" " ind2=" " tag="588"><subfield code="a">Description based on: Vol. 29, no. 5 (Jan. [23], 1925).</subfield></datafield><datafield ind1=" " ind2="0" tag="651"><subfield code="a">Mount Pleasant (Tenn.)</subfield><subfield code="v">Newspapers.</subfield></datafield><datafield ind1=" " ind2="0" tag="651"><subfield code="a">Maury County (Tenn.)</subfield><subfield code="v">Newspapers.</subfield></datafield><datafield ind1=" " ind2="7" tag="655"><subfield code="a">Newspapers.</subfield><subfield code="2">fast</subfield><subfield code="0">(OCoLC)fst01423814</subfield></datafield><datafield ind1=" " ind2="7" tag="651"><subfield code="a">Tennessee</subfield><subfield code="z">Maury County.</subfield><subfield code="2">fast</subfield><subfield code="0">(OCoLC)fst01211410</subfield></datafield><datafield ind1=" " ind2="7" tag="651"><subfield code="a">Tennessee</subfield><subfield code="z">Mount Pleasant.</subfield><subfield code="2">fast</subfield><subfield code="0">(OCoLC)fst01229531</subfield></datafield><datafield ind1=" " ind2=" " tag="752"><subfield code="a">United States</subfield><subfield code="b">Tennessee</subfield><subfield code="c">Maury</subfield><subfield code="d">Mount Pleasant.</subfield></datafield><datafield ind1="0" ind2="0" tag="780"><subfield code="t">Weekly Mt. Pleasant record</subfield><subfield code="w">(DLC)sn 99065768</subfield></datafield><datafield ind1="0" ind2="0" tag="785"><subfield code="t">Record (Mount Pleasant, Tenn.)</subfield><subfield code="w">(DLC)sn 99065766</subfield></datafield></record>